@misc{dataTable,
  AUTHOR    = "cran.r-project",
  TITLE     = "Introduction to data.table",
  HOWPUBLISHED = "\url{https://cran.r-project.org/web/packages/data.table/vignettes/datatable-intro.html}",
  NOTE      = "Accedido el 09 marzo 2021"
}

@book{mendenhall,
    author    = "William Mendenhall, Robert J. Beaver y Barbara M. Beaver",
    title     = "Introducci\'on a la probabilidad y estad\'istica",
    year      = "2006",
    publisher = "CENGAGE Learning",
    address   = "Reading, Massachusetts"
}

@misc{codigoR,
  AUTHOR    = "Daniela Gaztelu, Leandro Torres",
  TITLE     = "Practico Integrador PyE TUPED",
  HOWPUBLISHED = "\url{https://github.com/oroverdino/PyE}",
  NOTE      = "Subido el 26 abril 2021"
}

%  Estoy probando\cite{datatablebis} esta cita. 
@misc{datatablebis,
    author={Matt Dowle},
    title={Data Table package page},
    note={\url{https://rdatatable.gitlab.io/data.table/}, accedido el 18.jul.2022}
}